@inproceedings{kilgo2015b,
  author    = "Paul Kilgo and Jerry Tessendorf",
  booktitle = {Special Interest Group on Graphics and Interactive Techniques},
  title     = {Toward Validation of a {M}onte {C}arlo Rendering Technique},
  year      = 2015,
  month     = aug,
}

@inproceedings{kilgo2015a,
  author    = "Paul Kilgo and Jerry Tessendorf",
  booktitle = "Joint International Conference on Mathematics and Computation,
               Supercomputing in Nuclear Applications and the Monte Carlo Method",
  title     = "Accelerated Path Generation and Visualization for Numerical
               Integration of Feynman Path Integrals for Radiative Transfer",
  year      = 2015,
  month     = apr,
}

@incollection{kilgo2012d,
  year      = 2012,
  month     = nov,
  isbn      = "978-3-642-34326-1",
  booktitle = "Simulation, Modeling, and Programming for Autonomous Robots",
  volume    = 7628,
  series    = "Lecture Notes in Computer Science",
  doi       = "10.1007/978-3-642-34327-8_27",
  title     = "Computing {2D} Robot Workspace in Parallel with {CUDA}",
  publisher = "Springer Berlin Heidelberg",
  author    = "Paul Kilgo and Brandon Dixon and Monica Anderson",
  pages     = "287--298",
}

@incollection{kilgo2012c,
  year      = 2012,
  month     = nov,
  isbn      = "978-3-642-34326-1",
  booktitle = "Simulation, Modeling, and Programming for Autonomous Robots",
  volume    = 7628,
  series    = "Lecture Notes in Computer Science",
  doi       = "10.1007/978-3-642-34327-8_14",
  title     = "A Visual Modeling Language for {RDIS} and {ROS} Nodes Using
               {AToM3}",
  publisher = "Springer Berlin Heidelberg",
  author    = "Kilgo, Paul and Syriani, Eugene and Anderson, Monica",
  pages     = "125--136"
}

@mastersthesis{kilgo2012b,
  author = "Paul Michael Kilgo",
  title  = "{RDIS}: A Domain Model for Generalizing the Mappings Between
            Robotic Software Frameworks and Robotic Devices",
  school = "Department of Computer Science, The University of Alabama",
  year   = 2012,
  month  = aug,
}

@inproceedings{anderson2012,
  author    = "Monica Anderson and Jason Bowman and Paul Kilgo",
  booktitle = "Robotics and Automation (ICRA), 2012 IEEE International Conference
              on",
  title     = "{RDIS}: Generalizing Domain Concepts to Specify Device to Framework
               Mappings",
  year      = 2012,
  month     = may, 
  pages     = "1836 -- 1841",
  doi       = "10.1109/ICRA.2012.6225197",
  ISSN      = "1050-4729",
}

@inproceedings{kilgo2012a,
  author    = "Paul Kilgo",
  title     = "The {RDIS} Project: Unifying Robot Description Through Model-based
               Software Engineering",
  booktitle = "Proceedings of the 50th Annual Southeast Regional Conference",
  series    = "ACM-SE '12",
  year      = 2012,
  month     = apr,
  isbn      = "978-1-4503-1203-5",
  location  = "Tuscaloosa, Alabama",
  pages     = "381 -- 382",
  numpages  = 2,
  doi       = "10.1145/2184512.2184615",
  acmid     = 2184615,
  publisher = "{ACM}",
  address   = {New York, NY, USA},
}

@inproceedings{anderson2011,
  author    = "Monica Anderson and Paul Kilgo and Chris Crawford and Megan
               Stanforth",
  title     = "Work in Progress: Enabling Robot Device Discovery through Robot
               Device Descriptions",
  booktitle = "2nd International Workshop on Domain-Specific Languages and
               models for ROBotic systems",
  month     = sep,
  year      = 2011,
}
